@book{tryon,
 author = {Tryon, B.},
 title = {Cluster analysis},
 year = {1970},
 publisher = {McGraw-Hill},
 address = {New York, NY, USA},
}

@incollection{lior,
  title = {Clustering Methods},
  author = {Rokach,L. and Maimon,O.},
  year = {2005},
  researchr = {http://researchr.org/publication/RokachM05a},
  cites = {0},
  citedby = {0},
  pages = {321-352},
  booktitle = {The Data Mining and Knowledge Discovery Handbook},
  editor = {Oded Maimon and Lior Rokach},
  publisher = {Springer},
  isbn = {0-387-24435-2},
}


@book{Xu:2009,
 author = {Xu, R. and Wunsch, D.},
 title = {Clustering},
 year = {2009},
 isbn = {9780470276808},
 publisher = {Wiley-IEEE Press},
}

@book{mulier,
 author = {Cherkassky, V. S. and Mulier, F.},
 title = {Learning from Data: Concepts, Theory, and Methods},
 year = {1998},
 isbn = {0471154938},
 edition = {1st},
 publisher = {John Wiley \& Sons, Inc.},
 address = {New York, NY, USA},
} 

@ARTICLE{baraldi,
author={Baraldi, A. and Alpaydin, E.},
journal={Neural Networks, IEEE Transactions on}, title={Constructive feedforward ART clustering networks. II},
year={2002},
month={may},
volume={13},
number={3},
pages={662 -677},
keywords={Clustering algorithms;Cost function;Lattices;Network topology;Parameter estimation;Prototypes;Resonance;Subspace constraints;Unsupervised learning;Vector quantization;ART neural nets;feedforward neural nets;fuzzy neural nets;pattern clustering;self-organising feature maps;unsupervised learning;3D surface reconstruction;FOSART;Gaussian ART network;adaptive resonance theory clustering networks;constructive feedforward ART clustering networks;experiments;fully self-organizing SART;minimum-distance-to-means clustering algorithm;perceptual grouping;symmetric fuzzy ART;topology-preserving;unsupervised online learning;user interaction;vector quantization;},
doi={10.1109/TNN.2002.1000131},
ISSN={1045-9227},
}

@article{Jain:1999,
 author = {Jain, A. K. and Murty, M. N. and Flynn, P. J.},
 title = {Data clustering: a review},
 journal = {ACM Comput. Surv.},
 issue_date = {Sept. 1999},
 volume = {31},
 number = {3},
 month = sep,
 year = {1999},
 issn = {0360-0300},
 pages = {264--323},
 numpages = {60},
 url = {http://doi.acm.org/10.1145/331499.331504},
 doi = {10.1145/331499.331504},
 acmid = {331504},
 publisher = {ACM},
 address = {New York, NY, USA},
 keywords = {cluster analysis, clustering applications, exploratory data analysis, incremental clustering, similarity indices, unsupervised learning},
}

@book{kirk,
 author = {Kirk, D.B. and Wen-mei, W.H.},
 title = {Programming Massively Parallel Processors: A Hands-on Approach},
 year = {2010},
 isbn = {0123814723, 9780123814722},
 edition = {1st},
 publisher = {Morgan Kaufmann Publishers Inc.},
 address = {San Francisco, CA, USA},
}

@article{che_et_al,
 author = {Che, S. and Boyer, M. and Meng, J. and Tarjan, D. and Sheaffer, J.W. and Skadron, K.},
 title = {A performance study of general-purpose applications on graphics processors using CUDA},
 journal = {J. Parallel Distrib. Comput.},
 issue_date = {October, 2008},
 volume = {68},
 number = {10},
 month = oct,
 year = {2008},
 issn = {0743-7315},
 pages = {1370--1380},
 numpages = {11},
 url = {http://dx.doi.org/10.1016/j.jpdc.2008.05.014},
 doi = {10.1016/j.jpdc.2008.05.014},
 acmid = {1412827},
 publisher = {Academic Press, Inc.},
 address = {Orlando, FL, USA},
 keywords = {CUDA, GPGPU, GPU, Graphics processors, Heterogeneous computing organizations, Manycore, Multicore, OpenMP, Parallel programming},
}

@inproceedings{che2007,
  title={A performance study of general purpose applications on graphics processors},
  author={Che, S. and Meng, J. and Sheaffer, J.W. and Skadron, K.},
  booktitle={The First Workshop on General Purpose Processing on Graphics Processing Units},
  year={2007}
}

@ARTICLE{lloyd,
author={Lloyd, S.},
journal={Information Theory, IEEE Transactions on}, title={Least squares quantization in PCM},
year={1982},
month={mar},
volume={28},
number={2},
pages={ 129 - 137},
keywords={Amplitude modulation;Frequency;Helium;Laplace equations;Least squares methods;Phase change materials;Pulse modulation;Quantization;Sampling methods;Voltage; Least-squares approximation; PCM communication; Quantization (signal); Signal quantization;},
doi={10.1109/TIT.1982.1056489},
ISSN={0018-9448},
}

@article{hugo,
author="Steinhaus, H.",
title="{Sur la division des corps mat\'eriels en parties.}",
language="French",
journal="Bull. Acad. Pol. Sci., Cl. III ",
volume="4",
pages="801-804",
year="1957",
reviewer="{L. A. Santal4}",
keywords="{General Metric Geometry; Convex Bodies; Integral Geometry}",
}

@techreport{ball_hall,
  title={ISODATA, a novel method of data analysis and pattern classification},
  author={Ball, G.H. and Hall, D.J.},
  year={1965},
  institution={DTIC Document}
}

@inproceedings{macqueen,
  title={Some methods for classification and analysis of multivariate observations},
  author={MacQueen, J. and others},
  booktitle={Proceedings of the fifth Berkeley symposium on mathematical statistics and probability},
  volume={1},
  number={281-297},
  pages={14},
  year={1967},
  organization={California, USA}
}

@article{jain:2009,
  title={Data clustering: 50 years beyond K-means},
  author={Jain, A.K.},
  journal={Pattern Recognition Letters},
  volume={31},
  number={8},
  pages={651--666},
  year={2010},
  publisher={Elsevier}
}

@article{gpuminer,
  title={Parallel data mining on graphics processors},
  author={Fang, W. and Lau, K.K. and Lu, M. and Xiao, X. and Lam, C.K. and Yang, P.Y. and He, B. and Luo, Q. and Sander, P.V. and Yang, K.},
  journal={Hong Kong University of Science and Technology, Tech. Rep. HKUST-CS08-07},
  year={2008},
  publisher={Citeseer}
}

@inproceedings{wu_hp,
  title={Clustering billions of data points using GPUs},
  author={Wu, R. and Zhang, B. and Hsu, M.},
  booktitle={Proceedings of the combined workshops on UnConventional high performance computing workshop plus memory access workshop},
  pages={1--6},
  year={2009},
  organization={ACM}
}

@inproceedings{li_et_al,
  title={Speeding up K-Means Algorithm by GPUs},
  author={Li, Y. and Zhao, K. and Chu, X. and Liu, J.},
  booktitle={Computer and Information Technology (CIT), 2010 IEEE 10th International Conference on},
  pages={115--122},
  year={2010},
  organization={IEEE}
}

@inproceedings{wasif_et_al,
  title={Scalable clustering using multiple GPUs},
  author={Wasif, MK and Narayanan, PJ},
  booktitle={High Performance Computing (HiPC), 2011 18th International Conference on},
  pages={1--10},
  year={2011},
  organization={IEEE}
}

@article{cuda,
  title={Compute unified device architecture programming guide},
  author={Nvidia, C.},
  year={2007}
}

@article{takizawa,
  title={Hierarchical parallel processing of large scale data clustering on a PC cluster with GPU co-processing},
  author={Takizawa, H. and Kobayashi, H.},
  journal={The Journal of Supercomputing},
  volume={36},
  number={3},
  pages={219--234},
  year={2006},
  publisher={Springer}
}

@article{cao,
  title={Scalable clustering using graphics processors},
  author={Cao, F. and Tung, A. and Zhou, A.},
  journal={Advances in Web-Age Information Management},
  pages={372--384},
  year={2006},
  publisher={Springer}
}

@inproceedings{ma,
  title={A translation system for enabling data mining applications on GPUs},
  author={Ma, W. and Agrawal, G.},
  booktitle={Proceedings of the 23rd international conference on Supercomputing},
  pages={400--409},
  year={2009},
  organization={ACM}
}

@techreport{numine,
  title={NU-MineBench 2.0},
  author={Pisharath, J. and Liu, Y. and Liao, W. and Choudhary, A. and Memik, G. and Parhi, J.},
  year={2005},
  institution={Technical Report CUCIS-2005-08-01, Center for Ultra-Scale Computing and Information Security, Northwestern University}
}

@article{hartigan,
  title={Algorithm AS 136: A k-means clustering algorithm},
  author={Hartigan, J.A. and Wong, M.A.},
  journal={Applied statistics},
  pages={100--108},
  year={1979},
  publisher={JSTOR}
}

@inproceedings{drineas,
  title={Clustering in large graphs and matrices},
  author={Drineas, P. and Frieze, A. and Kannan, R. and Vempala, S. and Vinay, V.},
  booktitle={Proceedings of the tenth annual ACM-SIAM symposium on Discrete algorithms},
  pages={291--299},
  year={1999},
  organization={Citeseer}
}

@article{selim,
  title={K-means-type algorithms: a generalized convergence theorem and characterization of local optimality},
  author={Selim, S.Z. and Ismail, M.A.},
  journal={Pattern Analysis and Machine Intelligence, IEEE Transactions on},
  number={1},
  pages={81--87},
  year={1984},
  publisher={IEEE}
}

@misc{openmp,
  key = "openmp",
  title = {{OpenMP Specification}},
  howpublished = "\url{http://openmp.org/wp/openmp-specifications/}",
  note = "[Online]"
}

@misc{recordLinkage,
  key = "recordLinkage", 
  title = {{Record Linkage Comparison Patterns Data Set}},
  howpublished = "\url{http://archive.ics.uci.edu/ml/datasets/Record+Linkage+Comparison+Patterns}",
  note = "[Online]"
}

@misc{kdd,
  key = "kdd", 
  title = {{KDD Cup 1999 Data Data Set}},
  howpublished = "\url{http://archive.ics.uci.edu/ml/datasets/KDD+Cup+1999+Data}",
  note = "[Online]"
}

@misc{coverType,
  key = "covertype", 
  title = {{Covertype Data Set}},
  howpublished = "\url{http://archive.ics.uci.edu/ml/datasets/Covertype}",
  note = "[Online]"
}

@misc{cudadocs,
  key = "nvidia",
  title = {{CUDA Toolkit Documentation}},
  howpublished = "\url{http://docs.nvidia.com/cuda/index.html}",
  note = "[Online]"
}

@misc{fermiWhitepaper,
  key = "nvidia",
  title = {{NVIDIAâ€™s Next Generation CUDA Compute Architecture: Fermi}},
  howpublished = "\url{http://www.nvidia.com/content/PDF/fermi_white_papers/NVIDIA_Fermi_Compute_Architecture_Whitepaper.pdf}",
  note = "[Online]"
}

@book{farber,
  title={CUDA application design and development},
  author={Farber, R.},
  year={2011},
  publisher={Morgan Kaufmann}
}

@article{nickolls,
  title={The GPU computing era},
  author={Nickolls, J. and Dally, W.J.},
  journal={Micro, IEEE},
  volume={30},
  number={2},
  pages={56--69},
  year={2010},
  publisher={IEEE}
}

@article{glaskowsky,
  title={NVIDIAâ€™s Fermi: the first complete GPU computing architecture},
  author={Glaskowsky, P.N.},
  journal={NVIDIA Corporation, September},
  year={2009}
}
